@misc{belemwiki,
  author = {Wikipédia},
  title = {{Lista dos bairros de Belém (Pará)}},
  howpublished = {\url{https://pt.wikipedia.org/wiki/Lista_de_bairros_de_Bel%C3%A9m_(Par%C3%A1)}},
  year = {2020}, 
  note = {{(Acessada em 23/12/2020)}}
}

@misc{ibge,
  author = {IBGE},
  howpublished = {\url{https://agenciadenoticias.ibge.gov.br/media/com_mediaibge/arquivos/7d410669a4ae85faf4e8c3a0a0c649c7.pdf}},
  year = {2019}, 
  note = {{(Acessada em 23/12/2020)}}
}
